1815 3126
300 76 367 147 28
653 77 667 86 ⁷
785 87 823 136 ι
846 88 894 138 v
916 87 956 136 c
982 90 1004 136 1
1032 88 1076 136 A
1096 87 1150 136 N
1170 73 1196 136 1'

290 202 355 250 vt
387 179 467 248 ob
502 179 563 246 id
584 186 804 267 optanti
834 180 937 246 tibi
966 180 1060 246 'illa
1102 180 1320 247 dederit
1353 181 1691 257 rursumad
1730 243 1753 249 ,

285 279 583 338 iuuentam
604 270 782 335 redire
800 321 819 350 ,
842 295 908 335 ac
927 270 1121 335 denuo
1159 267 1491 336 formosum
1524 291 1695 360 atque

284 359 591 426 amabilem
622 360 770 423 fieri?
839 359 1545 446 P.Haudquaquam:quin
1564 384 1696 428 ma·

282 455 372 533 gis
392 471 581 533 quum
598 446 717 513 talis
737 442 928 524 effem,
954 446 1179 532 qualem
1198 451 1345 526 dixi,
1365 465 1558 513 tamen
1595 446 1694 515 su-

278 559 377 621 pra
408 538 662 602 modum
696 536 1029 601 adamabat..
1104 538 1529 622 §.AEnigmata
1559 562 1694 605 nar-

280 648 410 707 ras,
459 629 711 710 P.Atqui
730 618 1061 690 notiffi'mus
1082 623 1156 688 est
1173 621 1271 689 hic
1290 647 1473 704 amor,
1498 647 1687 711 quum

284 712 467 797 vulgo
505 717 571 778 s1t
605 714 897 798 frequens,
924 734 1131 797 nempe
1166 735 1295 798 erga
1326 711 1478 786 senes
1512 713 1689 782 orbos

285 825 351 865 ac
369 803 599 867 diuites.
669 804 917 871 S.Nunc
938 819 1034 866 tua
1048 797 1241 867 forma
1258 802 1412 867 vnde
1428 800 1530 866 tibi
1548 826 1693 889 pro-

280 885 432 955 fcita
482 888 691 966 fuerit,
716 890 978 974 intelligo
1016 896 1104 955 vir
1138 896 1383 975 egregie,
1402 896 1690 958 nimirum

287 976 358 1042 ab
392 1003 556 1044 aurea
593 979 685 1043 illa
724 982 962 1043 Venere.
1043 992 1103 1041 P.
1132 981 1525 1049 Veruntamen
1561 1002 1690 1044 non

288 1088 496 1150 parum
516 1067 722 1132 multas
757 1066 1212 1131 commoditates
1251 1064 1323 1132 ab
1363 1065 1689 1137 amantibus

292 1156 397 1220 tuli
434 1155 690 1240 Simyle,
713 1154 1148 1240 propemodum
1200 1160 1373 1220 etiam
1424 1156 1689 1221 adoratus

298 1243 368 1307 ab
384 1243 512 1308 1llis.
583 1238 764 1308 Porro
782 1241 975 1327 saepius
996 1248 1168 1306 etiam
1201 1246 1359 1326 quasi
1376 1265 1596 1328 procax
1611 1243 1691 1326 ils

290 1331 362 1395 lis
401 1330 730 1409 illudebam,
753 1331 1056 1396 excludens
1093 1331 1381 1396 interdum
1417 1330 1691 1396 nonnul-.-

283 1418 370 1485 los
391 1443 618 1484 eorum.
648 1421 886 1484 [nterim
907 1419 984 1483 illi
1004 1424 1148 1482 inter
1184 1416 1289 1482 sese
1307 1418 1686 1498 decertabant,

287 1517 343 1571 &
368 1514 431 1571 in
450 1507 773 1572 ambiendis
810 1512 1010 1592 primis
1044 1506 1195 1591 apud
1215 1528 1309 1571 me
1326 1505 1596 1592 partibus,
1620 1532 1689 1576 ae

285 1595 436 1661 lium
473 1596 612 1662 alius
645 1601 853 1661 anteire
884 1593 1203 1661 nitebatur„
1265 1594 1455 1659 s.Sed'
1478 1618 1600 1680 age,
1617 1596 1688 1668 de,

284 1682 647 1749 facultatibus
685 1689 796 1749 tuis
817 1685 963 1768 quid
996 1683 1227 1747 tandem
1264 1682 1550 1749 statueras?
1621 1698 1686 1752 Pa

285 1771 477 1838 Palam
512 1772 750 1859 quidem
777 1769 1158 1848 affirmabam,
1182 1794 1278 1836 me
1311 1794 1690 1858 vnumquenae

283 1881 399 1945 que
435 1861 670 1926 illorum
703 1861 1036 1928 relicturum
1073 1858 1379 1924 haeredem.
1406 1861 1689 1948 quueilli

284 1972 422 2014 cum
443 1949 728 2031 crederent
763 1945 1046 2026 futurum,
1068 1955 1324 2012 certatim
1360 1947 1413 2013 se
1445 1948 1686 2037 quisque

284 2035 785 2122 obsequentiorem
816 2055 985 2123 atque
1020 2036 1433 2104 adulantiorem
1472 2039 1688 2124 praebe-

288 2122 403 2188 bat.
426 2126 715 2189 Caeterum
733 2125 928 2191 alteras
946 2125 1062 2190 illas
1104 2149 1258 2190 veras
1279 2124 1515 2203 tabulas,
1539 2148 1681 2211 quas

285 2214 435 2297 apud
453 2236 546 2277 me
583 2212 953 2291 seruauetam,
976 2214 1202 2299 reliqui,
1226 2219 1289 2275 in
1312 2212 1523 2299 quibus
1543 2236 1685 2279 om-2

283 2323 382 2364 nes
404 2302 528 2366 illos
549 2301 764 2386 plorare
782 2304 931 2367 iuffi.
1003 2307 1143 2366 §.At
1157 2300 1452 2385 postremae
1471 2303 1575 2368 illae
1595 2320 1685 2366 ta-

283 2387 446 2468 bulae,
471 2412 646 2478 quem
689 2389 1135 2474 pronuntiabant
1159 2389 1468 2466 haeredeme
1486 2413 1632 2456 num
1651 2389 1685 2456 ὲ

278 2488 539 2563 cognatis
557 2485 916 2562 quempiam?
1005 2477 1184 2543 Ρ.Νὸ
1203 2501 1299 2563 per
1320 2473 1690 2555 Iouem,imc⁸>.

274 2574 573 2631 nouitium
594 2567 820 2652 quenda
837 2589 908 2632 ex
948 2564 1216 2633 formosis
1238 2566 1343 2633 illis
1363 2567 1684 2652 adulescen3
