1815 3126
584 119 834 163 venui.
1411 102 1482 181 ¹3¹,

452 206 939 412 Loca.

264 503 321 543 o
332 506 375 544 Μ
391 506 414 542 1
430 504 469 543 N
488 501 508 537 1
522 501 556 539 Β
574 504 610 540 ν
632 506 654 538 s
675 487 957 556 regionum
965 454 1385 560 praeposstiones
1379 482 1441 540 ss·

143 584 182 624 Ν
281 583 370 623 cut
393 565 787 638 &appellatiuis
818 562 1062 629 addfitur,
1081 563 1186 619 flue
1204 562 1397 618 verbo
1381 584 1439 621 in

278 649 419 713 locu,
424 643 463 698 f
443 662 530 699 ue
548 642 611 697 de
627 647 768 708 loco
773 643 812 698 Γ
815 660 877 698 ue
895 641 958 697 ad
978 645 1155 698 locum
1177 642 1441 714 fignifica-

40 725 184 783 tibus
203 725 495 789 adficiatur·
511 735 568 775 vt
576 716 965 797 ,Fronspetgius
986 723 1137 780 duxit
1155 730 1439 779 exercitum

44 813 101 862 in
118 806 348 860 Italiam.
355 805 540 858 Gallus
561 806 617 854 in
634 803 781 857 Italia
800 801 1065 861 dominati
1078 806 1239 878 cupit.
1248 802 1439 873 Gallus

43 905 103 942 ex
123 885 271 939 Italia
299 877 569 958 profeRus
587 875 679 935 est.

101 966 183 1020 Sic
212 966 263 1019 Sc
282 959 456 1017 Venio
477 966 531 1013 in
543 959 743 1029 vrbem,
749 957 1053 1018 proficiscor
1070 979 1131 1017 ex
1147 952 1305 1018 v'rbe.

102 1039 408 1114 Figuratum
425 1038 494 1094 est
516 1038 656 1113 apud
675 1039 982 1114 Virgilium,

41 1121 251 1176 Italiam
265 1114 380 1174 fato
399 1112 673 1194 profuguS,
683 1124 986 1193 Lauinaque
1003 1116 1150 1175 venit

46 1205 270 1257 Littera.
294 1201 544 1254 Dicimus
562 1197 698 1255 reite
713 1203 887 1257 Arceo
904 1200 1106 1259 hostem
1121 1199 1293 1271 Italia,
1309 1197 1439 1258 ficut

46 1282 219 1338 Arcto
236 1277 362 1333 vtbe
377 1273 603 1332 hostem.

342 1454 638 1499 VRBIVM
694 1447 1026 1498 NOMINA,

715 1606 760 1652 1:

284 1691 322 1729 Ν
350 1676 470 1730 loco
503 1667 611 1741 esse,
625 1670 915 1746 significant
936 1678 1192 1748 'genitiuo
1222 1666 1371 1743 casuj
1390 1666 1448 1729 iri

109 1815 115 1820 ,
149 1769 174 1808 1
286 1759 454 1827 prima
488 1755 540 1809 &
560 1751 782 1811 secunda
816 1754 1165 1810 declinatione
1188 1796 1202 1822 ,
1223 1771 1448 1809 numero

285 1830 629 1906 singulari-vt,
635 1836 762 1890 Sum
785 1834 1003 1903 Romae,
1023 1835 1096 1903 δι,
1102 1835 1230 1891 Sum
1247 1838 1304 1887 in
1323 1831 1449 1889 vrbe

54 1910 466 2062 Tfieffiadegfft
500 1988 718 2045 Archita
722 1989 849 2066 ‚qui
883 1993 1114 2065 ligneam
1143 1983 1450 2044 columbam

110 2069 386 2125 volatilem
413 2065 556 2130 fecit.

57 2150 281 2203 Lutetiae
302 2144 712 2220 frequentissima
730 2145 907 2204 schola
925 2146 1017 2206 est.

11 2279 25 2287 ,
118 2227 184 2278 In
205 2225 556 2283 declinatione
570 2234 719 2283 tertia
738 2228 971 2286 ablatiuo
986 2231 1209 2284 vtimur
1201 2221 1454 2299 quibus-⁴

59 2303 184 2359 dam
204 2309 356 2359 etiam
377 2306 586 2362 datiuus
604 2311 790 2382 placet.

59 2386 190 2441 Sum
210 2384 550 2457 Carthagine,
556 2389 607 2442 &
624 2385 955 2459 Carthagini.

122 2461 317 2517 Plurali
333 2482 556 2521 numero
575 2466 810 2524 ablatiuo
827 2472 1047 2523 vtimut:
1031 2462 1289 2542 Delphis
1309 2456 1456 2538 Apol

64 2533 121 2598 lo
137 2546 348 2600 oracula
364 2542 643 2606 reddebat

1203 2625 1312 2693 591'1‘:
